@manual{smanual,
  title =      {Physical Property Measurement System DynaCool TM Userâ€™s Manual},
  author =     {Quantum Design, Inc.},
  edition =    {5th},
  year =       {2017},
}